@inproceedings{Iivari2009ActionResearch,
  author    = {Juhani Iivari and
               John Venable},
  editor    = {Susan Newell and
               Edgar A. Whitley and
               Nancy Pouloudi and
               Jonathan Wareham and
               Lars Mathiassen},
  title     = {Action research and design science research - Seemingly similar but
               decisively dissimilar},
  booktitle = {17th European Conference on Information Systems, {ECIS} 2009, Verona,
               Italy, 2009},
  pages     = {1642--1653},
  year      = {2009},
  url       = {http://aisel.aisnet.org/ecis2009/73},
  timestamp = {Mon, 05 Dec 2016 15:14:00 +0100},
  biburl    = {https://dblp.org/rec/conf/ecis/IivariV09.bib},
  bibsource = {dblp computer science bibliography, https://dblp.org}
}

%%%%%%%%%%%%%%%%%%%%%%%%%%%%%%%%%%%%%
@article{Practices,
  author    = {Daniel Schiff and
               Bogdana Rakova and
               Aladdin Ayesh and
               Anat Fanti and
               Michael Lennon},
  title     = {Principles to Practices for Responsible {AI:} Closing the Gap},
  journal   = {CoRR},
  volume    = {abs/2006.04707},
  year      = {2020},
  url       = {https://arxiv.org/abs/2006.04707},
  archivePrefix = {arXiv},
  eprint    = {2006.04707},
  timestamp = {Fri, 12 Jun 2020 14:02:57 +0200},
  biburl    = {https://dblp.org/rec/journals/corr/abs-2006-04707.bib},
  bibsource = {dblp computer science bibliography, https://dblp.org}
}

@article{ECCOLA,
  author    = {Ville Vakkuri and
               Kai{-}Kristian Kemell and
               Pekka Abrahamsson},
  title     = {{ECCOLA} - a Method for Implementing Ethically Aligned {AI} Systems},
  journal   = {CoRR},
  volume    = {abs/2004.08377},
  year      = {2020},
  url       = {https://arxiv.org/abs/2004.08377},
  archivePrefix = {arXiv},
  eprint    = {2004.08377},
  timestamp = {Tue, 21 Apr 2020 16:51:52 +0200},
  biburl    = {https://dblp.org/rec/journals/corr/abs-2004-08377.bib},
  bibsource = {dblp computer science bibliography, https://dblp.org}
}

@article{ShehabAJAD20,
  author    = {Mohammad Shehab and
               Laith Mohammad Abualigah and
               Muath Ibrahim Jarrah and
               Osama Ahmad Alomari and
               Mohammad Sh. Daoud},
  title     = {{(AIAM2019)} Artificial Intelligence in Software Engineering and inverse:
               Review},
  journal   = {Int. J. Comput. Integr. Manuf.},
  volume    = {33},
  number    = {10-11},
  pages     = {1129--1144},
  year      = {2020},
  url       = {https://doi.org/10.1080/0951192X.2020.1780320},
  doi       = {10.1080/0951192X.2020.1780320},
  timestamp = {Thu, 17 Dec 2020 18:28:37 +0100},
  biburl    = {https://dblp.org/rec/journals/ijcim/ShehabAJAD20.bib},
  bibsource = {dblp computer science bibliography, https://dblp.org}
}

@book{Sommerville07,
  author    = {Ian Sommerville},
  title     = {Software engineering, 8th Edition},
  series    = {International computer science series},
  publisher = {Addison-Wesley},
  year      = {2007},
  url       = {https://www.worldcat.org/oclc/65978675},
  isbn      = {9780321313799},
  timestamp = {Fri, 17 Jul 2020 16:12:42 +0200},
  biburl    = {https://dblp.org/rec/books/lib/Sommerville07.bib},
  bibsource = {dblp computer science bibliography, https://dblp.org}
}

%Modelo de citação de site
@misc{cmmi,
  title  = {CMMI - Requirements Development (RD) Process Area},
  author = {Ian Fleming},
  organization = {SQC Software Quality Control},
  url    = {https://www.software-quality-assurance.org/cmmi-requirements-development.html},
  urldate = {2021-05-03}, 
  year   = {2004},
  date   = {2020-08-28}
}

@misc{NewNew,
  author    = {Hirotaka Takeuchi,Ikujiro Nonaka},
  title     = {The New New Product Development Game},
  organization   = {Harvard Business Review},
  url       = {https://hbr.org/1986/01/the-new-new-product-development-game},
  urldate = {2021-11-03}, 
  year   = {1986},
  date   = {1986-01}
}

@misc{Scrum,
  author    = {Jeff Sutherland, Ken Schwaber},
  title     = {SCRUM Development Process},
  organization   = {OOPSLA Business Object Design and Implementation Workshop},
  url       = {http://www.jeffsutherland.org/oopsla/schwapub.pdf},
  urldate = {2021-11-03}, 
  year   = {1997},
  date   = {1995-10-16}
}

@misc{agilemanifesto,
  author    =  {Kent Beck,
                Mike Beedle and
                Arie van Bennekum and
                Alistair Cockburn and
                Ward Cunningham and
                Martin Fowler and
                James Grenning and
                Jim Highsmith and
                Andrew Hunt and
                Ron Jeffries and
                Jon Kern and
                Brian Marick and
                Robert C. Martin and
                Steve Mellor and
                Ken Schwaber and
                Jeff Sutherland and
                Dave Thomas},
  title     = {Manifesto for Agile Software Development},
  url       = {http://agilemanifesto.org/},
  urldate   = {2021-15-03}, 
  year      = {2001},
  date      = {2001-02}
}

@article{colossus,
  author    = {B. Jack Copeland},
  title     = {Colossus: Its Origins and Originators},
  journal   = {{IEEE} Ann. Hist. Comput.},
  volume    = {26},
  number    = {4},
  pages     = {38--45},
  year      = {2004},
  url       = {https://doi.org/10.1109/MAHC.2004.26},
  doi       = {10.1109/MAHC.2004.26},
  timestamp = {Fri, 07 Aug 2020 17:17:12 +0200},
  biburl    = {https://dblp.org/rec/journals/annals/Copeland04a.bib},
  bibsource = {dblp computer science bibliography, https://dblp.org}
}

@misc{planningpoker,
  author    =  {James Grenning},
  title     = {Planning Poker or How to avoid analysis paralysis while release planning},
  url       = {https://wingman-sw.com/papers/PlanningPoker-v1.1.pdf},
  urldate   = {2021-18-03}, 
  year      = {2002},
  date      = {2002-04}
}

@article{NATO,
  author    = {Bernard A. Galler},
  title     = {{ACM} president's letter: {NATO} and software engineering?},
  journal   = {Commun. {ACM}},
  volume    = {12},
  number    = {6},
  pages     = {301},
  year      = {1969},
  url       = {https://doi.org/10.1145/363011.363013},
  doi       = {10.1145/363011.363013},
  timestamp = {Tue, 06 Nov 2018 12:51:42 +0100},
  biburl    = {https://dblp.org/rec/journals/cacm/Galler69d.bib},
  bibsource = {dblp computer science bibliography, https://dblp.org}
}

@article{Humble,
  author    = {Edsger W. Dijkstra},
  title     = {The Humble Programmer},
  journal   = {Commun. {ACM}},
  volume    = {15},
  number    = {10},
  pages     = {859--866},
  year      = {1972},
  url       = {https://doi.org/10.1145/355604.361591},
  doi       = {10.1145/355604.361591},
  timestamp = {Wed, 14 Nov 2018 10:22:36 +0100},
  biburl    = {https://dblp.org/rec/journals/cacm/Dijkstra72.bib},
  bibsource = {dblp computer science bibliography, https://dblp.org}
}

@book{pressman,
  author    = {Roger Pressman},
  title     = {Software Engineering: A Practitioner's Approach, 7th edition},
  publisher = {McGraw Hill},
  year      = {2010},
  url       = {http://sendy.itmaranatha.org/PSI/RPL-7th_ed_software_engineering_a_practitioners_approach_by_roger_s._pressman_.pdf},
  isbn      = {9780073375977},
}

@book{wazlawick,
  author    = {Raul Sidnei Wazlawick},
  title     = {Engenharia de Software: Conceitos e Práticas, 2ª edição},
  publisher = {GEN LTC},
  year      = {2019},
  isbn      = {9788535292725},
}

@article{Hadar,
  author    = {Irit Hadar and
               Pnina Soffer and
               Keren Kenzi},
  title     = {The role of domain knowledge in requirements elicitation via interviews:
               an exploratory study},
  journal   = {Requir. Eng.},
  volume    = {19},
  number    = {2},
  pages     = {143--159},
  year      = {2014},
  url       = {https://doi.org/10.1007/s00766-012-0163-2},
  doi       = {10.1007/s00766-012-0163-2},
  timestamp = {Sat, 20 May 2017 00:26:07 +0200},
  biburl    = {https://dblp.org/rec/journals/re/HadarSK14.bib},
  bibsource = {dblp computer science bibliography, https://dblp.org}
}

@book{SWEBOK2014,
  added-at = {2015-11-14T19:42:45.000+0100},
  address = {Los Alamitos, CA},
  biburl = {https://www.bibsonomy.org/bibtex/20a639ccf1021eb07ebe986475b2b4ea7/flint63},
  edition = {Version 3.0},
  editor = {Bourque, Pierre and Fairley, Richard E.},
  file = {IEEE Digital Library:2014/SWEBOK2014.pdf:PDF},
  groups = {public},
  isbn = {978-0-7695-5166-1},
  keywords = {01841 103 ieee book software engineering guide},
  publisher = {IEEE Computer Society},
  timestamp = {2018-04-16T12:18:50.000+0200},
  title = {{SWEBOK}: Guide to the Software Engineering Body of Knowledge},
  url = {http://www.swebok.org/},
  username = {flint63},
  year = 2014
}


